<?xml version="1.0" encoding="UTF-8"?><record xmlns="http://www.loc.gov/MARC21/slim" xmlns:cinclude="http://apache.org/cocoon/include/1.0" xmlns:zs="http://www.loc.gov/zing/srw/">
  <leader>00644nz  a2200133n  4500</leader>
  <controlfield tag="001">n  97101873 </controlfield>
  <controlfield tag="003">DLC</controlfield>
  <controlfield tag="005">19971007135941.8</controlfield>
  <controlfield tag="008">971007n| acannaab|          |a ana |||  </controlfield>
  <datafield tag="010" ind1=" " ind2=" ">
    <subfield code="a">n  97101873 </subfield>
  </datafield>
  <datafield tag="040" ind1=" " ind2=" ">
    <subfield code="a">DLC</subfield>
    <subfield code="c">DLC</subfield>
  </datafield>
  <datafield tag="110" ind1="2" ind2="0">
    <subfield code="a">Obshchestvo "Znanie" Rossiĭskoĭ Federat︠s︡ii.</subfield>
    <subfield code="b">T︠S︡entralʹnyĭ institut nepreryvnogo obrazovanii︠a︡</subfield>
  </datafield>
  <datafield tag="410" ind1="2" ind2="0">
    <subfield code="a">T︠S︡entralʹnyĭ institut nepreryvnogo obrazovanii︠a︡ Obshchestva "Znanie" Rossiĭskoĭ Federat︠s︡ii</subfield>
  </datafield>
  <datafield tag="670" ind1=" " ind2=" ">
    <subfield code="a">Demokratii︠a︡ i fashizm, 1996:</subfield>
    <subfield code="b">t.p. (T︠S︡entralʹnyĭ institut nepreryvnogo obrazovanii︠a︡ Obshchestva "Znanie" Rossiĭskoĭ Federat︠s︡ii)</subfield>
  </datafield>
</record>